<record><leader>00000cas a22000007a 4500</leader><controlfield tag="001">16866110</controlfield><controlfield tag="008">871019u1879uuuunjudr ne      0    0eng d</controlfield><datafield ind1=" " ind2=" " tag="010"><subfield code="a">sn 87080651 </subfield></datafield><datafield ind1=" " ind2=" " tag="040"><subfield code="a">NPH</subfield><subfield code="b">eng</subfield><subfield code="c">NPH</subfield><subfield code="d">OCLCQ</subfield></datafield><datafield ind1=" " ind2=" " tag="042"><subfield code="a">msc</subfield></datafield><datafield ind1="0" ind2=" " tag="130"><subfield code="a">Morning star (Washington, N.J.)</subfield></datafield><datafield ind1="1" ind2="0" tag="245"><subfield code="a">Morning star.</subfield></datafield><datafield ind1=" " ind2=" " tag="260"><subfield code="a">Washington, N.J. :</subfield><subfield code="b">[s.n.],</subfield><subfield code="c">1879-</subfield></datafield><datafield ind1=" " ind2=" " tag="300"><subfield code="a">v. :</subfield><subfield code="b">ill. ;</subfield><subfield code="c">50 cm.</subfield></datafield><datafield ind1=" " ind2=" " tag="310"><subfield code="a">Daily</subfield></datafield><datafield ind1="0" ind2=" " tag="362"><subfield code="a">No. 1 (Jan. 3, 1879)-</subfield></datafield><datafield ind1=" " ind2=" " tag="500"><subfield code="a">Published during the January term of Warren County Court.</subfield></datafield><datafield ind1=" " ind2=" " tag="500"><subfield code="a">Editor: H.A. Van Fredenberg.</subfield></datafield><datafield ind1=" " ind2=" " tag="752"><subfield code="a">United States</subfield><subfield code="b">New Jersey</subfield><subfield code="c">Warren</subfield><subfield code="d">Washington.</subfield></datafield><datafield ind1="1" ind2=" " tag="029"><subfield code="a">AU@</subfield><subfield code="b">000025815706</subfield></datafield></record>